@book{menezes1996handbook,
  title={Handbook of applied cryptography},
  author={Menezes, Alfred J and Van Oorschot, Paul C and Vanstone, Scott A},
  year={1996},
  publisher={CRC press}
}

@book{singh2011code,
  title={The code book: the science of secrecy from ancient Egypt to quantum cryptography},
  author={Singh, Simon},
  year={2011},
  publisher={Anchor}
}

@book{dostalek2016velky,
  title={Velký průvodce infrastrukturou PKI},
  author={Dostálek, Libor and Vohnoutová, Marta},
  year={2016},
  publisher={Computer Press, Albatros Media as}
}

@book{schmeh2006cryptography,
  title={Cryptography and public key infrastructure on the Internet},
  author={Schmeh, Klaus},
  year={2006},
  publisher={John Wiley \& Sons}
}

@misc{X.509,
  title = {X.509 : Information technology - Open Systems Interconnection - The Directory: Public-key and attribute certificate frameworks},
  howpublished = {\url{https://www.itu.int/rec/T-REC-X.509}},
  note = {Accessed: 2017-01-10}
}

@book{piper2006kryptografie,
  title={Kryptografie: Průvodce pro každého},
  author={Piper, Fred and Murphy, Sean and Mondschein, Pavel},
  year={2006},
  publisher={Dokořán}
}

@article{freier2011secure,
  title={The secure sockets layer (SSL) protocol version 3.0},
  author={Freier, Alan and Karlton, Philip and Kocher, Paul},
  year={2011}
}

@book{oppliger2003security,
  title={Security technologies for the world wide web},
  author={Oppliger, Rolf},
  year={2003},
  publisher={Artech House}
}

@techreport{eronen2005pre,
  title={Pre-shared key ciphersuites for transport layer security (TLS)},
  author={Eronen, Pasi and Tschofenig, Hannes},
  year={2005}
}

@book{doxsey2016introducing,
  title={Introducing Go},
  author={Doxsey, Caleb},
  year={2016},
  publisher={O'Reilly Media}
}